@book{piaget1964early,
  title={The early growth of logic in the child: Classification and seriation},
  author={Piaget, Jean and Inhelder, B{\"a}rbel and Lunzer, Eric A},
  year={1964},
  publisher={Routledge \& Kegan Paul}
}

@article{philip1994event,
  title={Event quantification in the acquisition of universal quantification},
  author={Philip, William Churchill Houston},
  year={1994}
}

@article{sugisaki2001quantification,
  title={Quantification without qualification without plausible dissent},
  author={Sugisaki, Koji and Isobe, Miwa},
  journal={University of Massachusetts Occasional Papers in Linguistics},
  volume={25},
  pages={97--100},
  year={2001}
}

@article{freeman2010mousetracker,
  title={MouseTracker: Software for studying real-time mental processing using a computer mouse-tracking method},
  author={Freeman, Jonathan B and Ambady, Nalini},
  journal={Behavior Research Methods},
  volume={42},
  number={1},
  pages={226--241},
  year={2010},
  publisher={Springer}
}

@inproceedings{gouro2001children,
  title={Children's interpretation of universal quantifier and pragmatic interference},
  author={Gouro, Takuya and Norita, Hanae and Nakajima, Motoki and Ariji, Ken-ichi},
  booktitle={Proceedings of the Second Tokyo Conference on Psycholinguistics},
  pages={61--78},
  year={2001}
}

@article{piaget1954language,
  title={Language and thought from a genetic perspective},
  author={Piaget, Jean},
  journal={Acta Psychologica},
  volume={10},
  pages={51--60},
  year={1954},
  publisher={ELSEVIER SCIENCE BV PO BOX 211, 1000 AE AMSTERDAM, NETHERLANDS}
}

@article{minai2012hinders,
  title={What hinders child semantic computation: children's universal quantification and the development of cognitive control},
  author={Minai, Utako and Jincho, Nobuyuki and Yamane, Naoto and Mazuka, Reiko},
  journal={Journal of child language},
  volume={39},
  number={5},
  pages={919--956},
  year={2012},
  publisher={Cambridge University Press}
}

@book{crain2000investigations,
  title={Investigations in universal grammar: A guide to experiments on the acquisition of syntax and semantics},
  author={Crain, Stephen and Thornton, Rosalind},
  year={2000},
  publisher={MIT Press}
}

@article{taub1972comparison,
  title={A comparison of young adult and old groups on various digit span tasks.},
  author={Taub, Harvey A},
  journal={Developmental Psychology},
  volume={6},
  number={1},
  pages={60},
  year={1972},
  publisher={American Psychological Association}
}

@article{conway2005working,
  title={Working memory span tasks: A methodological review and userâ€™s guide},
  author={Conway, Andrew RA and Kane, Michael J and Bunting, Michael F and Hambrick, D Zach and Wilhelm, Oliver and Engle, Randall W},
  journal={Psychonomic bulletin \& review},
  volume={12},
  number={5},
  pages={769--786},
  year={2005},
  publisher={Springer}
}

@article{drozil200112,
  title={12 Children's weak interpretations of universally quantified questions},
  author={Drozil, Kenneth F},
  journal={Language acquisition and conceptual development},
  number={3},
  pages={340},
  year={2001},
  publisher={Cambridge University Press}
}